@article{viebahn2011,
  title={The potential role of concentrated solar power (CSP) in Africa and Europe—a dynamic assessment of technology development, cost development and life cycle inventories until 2050},
  author={Viebahn, Peter and Lechon, Yolanda and Trieb, Franz},
  journal={Energy Policy},
  volume={39},
  number={8},
  pages={4420--4430},
  year={2011},
  publisher={Elsevier}
}

@article{irena2012,
	title={Renewable Energy Cost Analysis - Concentrating Solar Power},
	publisher={IRENA},
	year={2012},
	url={http://www.irena.org/DocumentDownloads/Publications/RE_Technologies_Cost_Analysis-CSP.pdf}
}

@inproceedings{trieb2009,
	author={Trieb, Franz et al.},
	title={Global Potential of Concentrating Solar Power},
	booktitle={SolarPaces Conference Berlin},
	year={2009}
}

@article{viebahn2008,
  title={Final report on technical data, costs, and life cycle inventories of solar thermal power plants},
  author={Viebahn, Peter and Kronshage, Stefan and Trieb, F and Lechon, Y and others},
  journal={NEEDS Project Final Report, www. needs-project. org. Accessed November},
  volume={1},
  pages={2009},
  year={2008}
}

@article{iea2010,
abstract = {Current trends in energy supply and use are patently unsustainable economically, environmentally and socially. Without decisive action, energy-related emissions of CO2 will more than double by 2050 and increased oil demand will heighten concerns over the security of supplies. We must and can change our current path; we must initiate an energy revolution in which low-carbon energy technologies play a lead role. If we are to reach our greenhouse-gas emission goals, we must promote broad deployment of energy efficiency, many types of renewable energy, carbon capture and storage, nuclear power and new transport technologies. Every major country and sector of the economy must be involved. Moreover, we must ensure that investment decisions taken now do not saddle us with sub-optimal technologies in the long term. There is a growing awareness of the urgent need to turn political statements and analytical work into concrete action. To spark this movement, at the request of the G8, the International Energy Agency (IEA) is developing a series of roadmaps for key energy technologies. These roadmaps provide solid analytical footing that enables the international community to move forward, following a well-defined growth path from today to 2050 that identifies the technology, financing, policy and public engagement milestones needed to realise the technologys full potential. The IEA roadmaps include special focus on technology development and deployment to emerging economies, and highlight the importance of international collaboration. The emerging technology known as concentrating solar power, or CSP, holds much promise for countries with plenty of sunshine and clear skies. Its electrical output matches well the shifting daily demand for electricity in places where air-conditioning systems are spreading. When backed up by thermal storage facilities and combustible fuel, it offers utilities electricity that can be dispatched when required, enabling it to be used for base, shoulder and peak loads. Within about one to two decades, it will be able to compete with coal plants that emit high levels of CO2. The sunniest regions, such as North Africa, may be able to export surplus solar electricity to neighbouring regions, such as Europe, where demand for electricity from renewable sources is strong. In the medium-to-longer term, concentrating solar facilities can also produce hydrogen, which can be blended with natural gas, and provide low-carbon liquid fuels for transport and other end-use sectors. For CSP to claim its share of the coming energy revolution, concerted action is required over the next ten years by scientists, industry, governments, financing institutions and the public. This roadmap is intended to help drive these indispensable developments.},
author = {Power, Concentrating Solar},
doi = {10.1787/9789264088139-en},
institution = {International Energy Agency},
isbn = {9789264088139},
issn = {1557170X},
journal = {Current},
pages = {1--52},
pmid = {17271033},
publisher = {OECD Publishing},
series = {IEA Technology Roadmaps},
title = {{Technology Roadmap Concentrating Solar Power}},
url = {http://www.oecd-ilibrary.org/energy/technology-roadmap-concentrating-solar-power\_9789264088139-en},
volume = {5},
year = {2010}
}

@article{stegen2012,
  title={Terrorists versus the Sun: Desertec in North Africa as a case study for assessing risks to energy infrastructure},
  author={Stegen, Karen Smith and Gilmartin, Patrick and Carlucci, Janetta},
  journal={Risk Management},
  volume={14},
  number={1},
  pages={3--26},
  year={2012},
  publisher={Nature Publishing Group}
}

@article{estela2010,
  title={Solar Thermal Electricity 2025--Clean Electricity On Demand: Attractive STE Cost Stabilize Energy Production},
  author={Kearney, AT},
  journal={ESTELA, Juni},
  year={2010}
}


@article{muhlenhoff2010,
abstract = {Die direkte Sonneneinstrahlung kann auf zwei Wegen f\"{u}r die Stromerzeugung genutzt werden: Photovoltaikanlagen (PV) wandeln einfallendes Licht mittels Solarzellen in elektrische Energie um. Herzst\"{u}ck jeder Solarzelle ist ein Halbleiter, z.B. Silizium. Das Sonnenlicht wird direkt in Gleichstrom umgewandelt, der direkt verbraucht oder auch in Wechselstrom umgewandelt in das \"{o}ffentliche Stromnetz eingespeist werden kann. Solarthermische Kraftwerke (Concentrating Solar Power, CSP) b\"{u}ndeln die Sonneneinstrahlung mit Spiegeln, um mit der konzentrierten W\"{a}rme der Sonnenstrahlen eine Fl\"{u}ssigkeit zu erhitzen. Diese gibt ihre thermische Energie an einen Dampferzeuger ab und treibt so eine Turbine zur Stromerzeugung an. W\"{a}hrend Photovoltaikanlagen schon diffuse Lichteinstrahlung gen\"{u}gt, um in praktisch allen Regionen der Welt Strom zu erzeugen, sind solarthermische Kraftwerke auf klaren Himmel angewiesen und daher prim\"{a}r in den Regionen mit ausreichend hoher direkter Sonneneinstrahlung einsatzf\"{a}hig, dort allerdings mit h\"{o}herer Stromausbeute. Solarzellen erzeugen direkt Strom, w\"{a}hrend solarthermische Kraftwerke – wie konventionelle Erdgas- oder Kohlekraftwerke – W\"{a}rme in Strom umwandeln. Anstatt einen fossilen Energietr\"{a}ger zu verbrennen, dient hier die Solarw\"{a}rme als W\"{a}rmequelle.},
author = {M\"{u}hlenhoff, J\"{o}rg and Witzler, Florian},
journal = {Renews Spezial},
keywords = {Agentur f\"{u}r Erneuerbare Energien e. V.,CSP,Desertec,PV,Photovoltaik},
mendeley-tags = {Agentur f\"{u}r Erneuerbare Energien e. V.,CSP,Desertec,PV,Photovoltaik},
pages = {1--20},
title = {{Kosten und Potenziale von Photovoltaik und solarthermischen Kraftwerken}},
year = {2010}
}
